% ----------------------------------------------------------------------------
% Article
% ----------------------------------------------------------------------------
@article{wolski2003,
  title={Experiences with predicting resource performance on-line in computational grid settings},
  author={Wolski, Rich},
  journal={{ACM SIGMETRICS} Performance Evaluation Review},
  volume={30},
  number={4},
  pages={41--49},
  year={2003}
}

% -----------------------------------------------------------------------------
% Books
% -----------------------------------------------------------------------------
@book{silberschatz1998operating,
  title={Operating system concepts},
  author={Silberschatz, Abraham and Galvin, Peter B. and Gagne, Greg},
  year={2012},
  publisher={Wiley, $9^{th}$ Edition}
}

% -----------------------------------------------------------------------------
% Collections
% -----------------------------------------------------------------------------
@incollection{couvares2007workflow,
  title={Workflow management in {Condor}},
  author={Couvares, Peter and Kosar, Tevfik and Roy, Alain and Weber, Jeff and Wenger, Kent},
  booktitle={Workflows for {e-Science}},
  pages={357--375},
  year={2007},
  publisher={Springer}
}

% -----------------------------------------------------------------------------
% Preprints
% -----------------------------------------------------------------------------
@article{saiz2003alienpr,
  title={Alien resource brokers},
  author={Saiz, Pablo and Buncic, Predrag and Peters, Andreas J.},
  journal={arXiv preprint cs/0306068},
  year={2003}
}


% -----------------------------------------------------------------------------
% Proceedings
% -----------------------------------------------------------------------------
@inproceedings{Mao2012,
  title = {A Performance Study on the {VM} Startup Time in the Cloud},
  author = {Mao, Ming and Humphrey, Marty},
  booktitle = {Proceedings of the {IEEE} 5th International Conference on Cloud Computing},
  series = {{CLOUD} '12},
  year = {2012},
  pages = {423--430},
  publisher = {{IEEE} Computer Society},
}

% -----------------------------------------------------------------------------
% Technical Reports
% -----------------------------------------------------------------------------
@techreport{felter2014,
  title={An updated performance comparison of virtual machines and {Linux} containers},
  author={Felter, Wes and Ferreira, Alexandre and Rajamony, Ram and Rubio, Juan},
  institution={IBM Research Division},
  number={RC25482 (AUS1407-001)},
  year={2014}
}


% -----------------------------------------------------------------------------
% Thesis
% -----------------------------------------------------------------------------
@phdthesis{moscicki2011understanding,
  title={Understanding and mastering dynamics in computing grids: processing moldable tasks with user-level overlay},
  author={Mo{\'s}cicki, Jakub T.},
  school={University of Amsterdam},
  year={2011}
}


% -----------------------------------------------------------------------------
% URL
% -----------------------------------------------------------------------------


% -----------------------------------------------------------------------------
% Presentations
% -----------------------------------------------------------------------------
@misc{glidein-presentation-url,
  title={The {Glidein} Service},
  author={Gideon Juve},
  url={http://www.slideserve.com/embed/5100433},
  note={Accessed: 2015-11-5},
  year=2015
}
